<?xml version = "1.0" encoding = "UTF-8"?><record>
  <leader>01137nam#a2200325#cb4500</leader>
  <controlfield tag="005">20210408005105.0</controlfield>
  <controlfield tag="007">tu</controlfield>
  <controlfield tag="008">960125|1995####xx############|||#|#ger#c</controlfield>
  <controlfield tag="003">DE-605</controlfield>
  <controlfield tag="001">990068279750206441</controlfield>
  <datafield tag="016" ind1="7" ind2=" ">
    <subfield code="a">612080473</subfield>
    <subfield code="2">OCoLC</subfield>
  </datafield>
  <datafield tag="020" ind1=" " ind2=" ">
    <subfield code="a">3825303284</subfield>
    <subfield code="c">kart. : 48.00, sfr 48.00, S 374.00</subfield>
    <subfield code="9">3-8253-0328-4</subfield>
    <subfield code="0">(uri) http://www.isbnsearch.org/isbn/3825303284</subfield>
  </datafield>
  <datafield tag="035" ind1=" " ind2=" ">
    <subfield code="a">(DE-605)HT006853428</subfield>
  </datafield>
  <datafield tag="040" ind1=" " ind2=" ">
    <subfield code="a">292</subfield>
    <subfield code="b">ger</subfield>
    <subfield code="d">468</subfield>
    <subfield code="e">rakwb</subfield>
  </datafield>
  <datafield tag="041" ind1=" " ind2=" ">
    <subfield code="a">ger</subfield>
  </datafield>
  <datafield tag="084" ind1=" " ind2=" ">
    <subfield code="a">GF 6516</subfield>
    <subfield code="2">rvk</subfield>
  </datafield>
  <datafield tag="130" ind1="0" ind2=" ">
    <subfield code="a">Faust</subfield>
  </datafield>
  <datafield tag="245" ind1="1" ind2="0">
    <subfield code="a">&lt;&lt;Das&gt;&gt; Faustbuch nach der Wolfenb&#252;tteler Handschrift</subfield>
    <subfield code="c">hrsg. und neu bearb. von H. G. Haile</subfield>
  </datafield>
  <datafield tag="250" ind1=" " ind2=" ">
    <subfield code="a">2., verb. Aufl.</subfield>
  </datafield>
  <datafield tag="264" ind1=" " ind2="1">
    <subfield code="a">Heidelberg</subfield>
    <subfield code="b">Winter</subfield>
    <subfield code="c">1995</subfield>
  </datafield>
  <datafield tag="300" ind1=" " ind2=" ">
    <subfield code="a">XVIII, 105 S.</subfield>
  </datafield>
  <datafield tag="490" ind1="1" ind2=" ">
    <subfield code="a">Beitr&#228;ge zur neueren Literaturgeschichte</subfield>
    <subfield code="v">Folge 3, Bd. 142</subfield>
  </datafield>
  <datafield tag="689" ind1="0" ind2="0">
    <subfield code="a">Faustdichtung</subfield>
    <subfield code="D">s</subfield>
    <subfield code="0">(DE-588)4123190-9</subfield>
    <subfield code="0">(uri) https://portal.dnb.de/opac.htm?method=simpleSearch&amp;cqlMode=true&amp;query=idn=041231902</subfield>
    <subfield code="0">(uri) http://viaf.org/viaf/sourceID/DNB|041231902</subfield>
    <subfield code="B">GND-041231902</subfield>
  </datafield>
  <datafield tag="700" ind1="1" ind2=" ">
    <subfield code="a">Haile, Harry G.</subfield>
    <subfield code="4">edt</subfield>
  </datafield>
  <datafield tag="780" ind1="0" ind2="0">
    <subfield code="i">Fr&#252;here Aufl. u.d.T.</subfield>
    <subfield code="t">Das Faustbuch nach der Wolfenb&#252;ttler Handschrift</subfield>
  </datafield>
  <datafield tag="830" ind1=" " ind2="0">
    <subfield code="a">Beitr&#228;ge zur neueren Literaturgeschichte</subfield>
    <subfield code="w">(DE-605)HT001244695</subfield>
    <subfield code="v">3,142</subfield>
    <subfield code="9">O:1</subfield>
  </datafield>
  <datafield tag="964" ind1="0" ind2="s">
    <subfield code="F">030</subfield>
    <subfield code="A">a|1uc||||||37</subfield>
  </datafield>
  <datafield tag="964" ind1="0" ind2="s">
    <subfield code="F">050</subfield>
    <subfield code="A">a|||||||||||||</subfield>
  </datafield>
  <datafield tag="964" ind1="0" ind2="s">
    <subfield code="F">051</subfield>
    <subfield code="A">s|||||||</subfield>
  </datafield>
  <datafield tag="035" ind1=" " ind2=" ">
    <subfield code="a">(OCoLC)612080473</subfield>
    <subfield code="0">(uri) http://www.worldcat.org/oclc/612080473</subfield>
  </datafield>
  <datafield tag="MBD" ind1=" " ind2=" ">
    <subfield code="M">49HBZ_NETWORK</subfield>
    <subfield code="i">990068279750206441</subfield>
    <subfield code="n">HBZ Network</subfield>
  </datafield>
  <datafield tag="MBD" ind1=" " ind2=" ">
    <subfield code="M">49HBZ_BIE</subfield>
    <subfield code="i">991013965799706442</subfield>
    <subfield code="n">UB Bielefeld</subfield>
  </datafield>
  <datafield tag="020" ind1=" " ind2=" ">
    <subfield code="a">3825303284</subfield>
    <subfield code="c">kart. : 48.00, sfr 48.00, S 374.00</subfield>
    <subfield code="9">3-8253-0328-4</subfield>
    <subfield code="M">49HBZ_BIE</subfield>
  </datafield>
  <datafield tag="830" ind1=" " ind2="0">
    <subfield code="a">Beitr&#228;ge zur neueren Literaturgeschichte</subfield>
    <subfield code="w">(DE-605)HT001244695</subfield>
    <subfield code="v">3,142</subfield>
    <subfield code="9">O:1</subfield>
    <subfield code="M">49HBZ_BIE</subfield>
  </datafield>
  <datafield tag="980" ind1="1" ind2=" ">
    <subfield code="e">HBZ</subfield>
    <subfield code="9">LOCAL</subfield>
    <subfield code="M">49HBZ_BIE</subfield>
  </datafield>
  <datafield tag="981" ind1=" " ind2=" ">
    <subfield code="a">(DE-361)1637533</subfield>
    <subfield code="9">LOCAL</subfield>
    <subfield code="M">49HBZ_BIE</subfield>
  </datafield>
  <datafield tag="997" ind1=" " ind2=" ">
    <subfield code="a">20020121</subfield>
    <subfield code="9">LOCAL</subfield>
    <subfield code="M">49HBZ_BIE</subfield>
  </datafield>
  <datafield tag="MBD" ind1=" " ind2=" ">
    <subfield code="M">49HBZ_UDE</subfield>
    <subfield code="i">990013533090206446</subfield>
    <subfield code="n">UB Duisburg-Essen</subfield>
  </datafield>
  <datafield tag="020" ind1=" " ind2=" ">
    <subfield code="a">3825303284</subfield>
    <subfield code="c">kart. : 48.00, sfr 48.00, S 374.00</subfield>
    <subfield code="9">3-8253-0328-4</subfield>
    <subfield code="M">49HBZ_UDE</subfield>
  </datafield>
  <datafield tag="830" ind1=" " ind2="0">
    <subfield code="a">Beitr&#228;ge zur neueren Literaturgeschichte</subfield>
    <subfield code="w">(DE-605)HT001244695</subfield>
    <subfield code="v">3,142</subfield>
    <subfield code="9">O:1</subfield>
    <subfield code="M">49HBZ_UDE</subfield>
  </datafield>
  <datafield tag="983" ind1=" " ind2=" ">
    <subfield code="b">CLCF</subfield>
    <subfield code="9">LOCAL</subfield>
    <subfield code="M">49HBZ_UDE</subfield>
  </datafield>
  <datafield tag="MBD" ind1=" " ind2=" ">
    <subfield code="M">49HBZ_WUP</subfield>
    <subfield code="i">990007452070206447</subfield>
    <subfield code="n">UB Wuppertal</subfield>
  </datafield>
  <datafield tag="020" ind1=" " ind2=" ">
    <subfield code="a">3825303284</subfield>
    <subfield code="c">kart. : 48.00, sfr 48.00, S 374.00</subfield>
    <subfield code="9">3-8253-0328-4</subfield>
    <subfield code="M">49HBZ_WUP</subfield>
  </datafield>
  <datafield tag="830" ind1=" " ind2="0">
    <subfield code="a">Beitr&#228;ge zur neueren Literaturgeschichte</subfield>
    <subfield code="w">(DE-605)HT001244695</subfield>
    <subfield code="v">3,142</subfield>
    <subfield code="9">O:1</subfield>
    <subfield code="M">49HBZ_WUP</subfield>
  </datafield>
  <datafield tag="983" ind1=" " ind2=" ">
    <subfield code="b">CLCH</subfield>
    <subfield code="9">LOCAL</subfield>
    <subfield code="M">49HBZ_WUP</subfield>
  </datafield>
  <datafield tag="MBD" ind1=" " ind2=" ">
    <subfield code="M">49HBZ_DUE</subfield>
    <subfield code="i">990010316060206443</subfield>
    <subfield code="n">ULB D&#252;sseldorf</subfield>
  </datafield>
  <datafield tag="020" ind1=" " ind2=" ">
    <subfield code="a">3825303284</subfield>
    <subfield code="c">kart. : 48.00, sfr 48.00, S 374.00</subfield>
    <subfield code="9">3-8253-0328-4</subfield>
    <subfield code="M">49HBZ_DUE</subfield>
  </datafield>
  <datafield tag="830" ind1=" " ind2="0">
    <subfield code="a">Beitr&#228;ge zur neueren Literaturgeschichte</subfield>
    <subfield code="w">(DE-605)HT001244695</subfield>
    <subfield code="v">3,142</subfield>
    <subfield code="9">O:1</subfield>
    <subfield code="M">49HBZ_DUE</subfield>
  </datafield>
  <datafield tag="983" ind1=" " ind2=" ">
    <subfield code="a">geru33600</subfield>
    <subfield code="9">LOCAL</subfield>
    <subfield code="M">49HBZ_DUE</subfield>
  </datafield>
  <datafield tag="996" ind1=" " ind2=" ">
    <subfield code="s">Handschrift</subfield>
    <subfield code="0">(DE-588)4023287-6</subfield>
    <subfield code="9">LOCAL</subfield>
    <subfield code="M">49HBZ_DUE</subfield>
  </datafield>
  <datafield tag="996" ind1=" " ind2=" ">
    <subfield code="a">Buch</subfield>
    <subfield code="9">LOCAL</subfield>
    <subfield code="M">49HBZ_DUE</subfield>
  </datafield>
  <datafield tag="996" ind1=" " ind2=" ">
    <subfield code="a">Faust</subfield>
    <subfield code="9">LOCAL</subfield>
    <subfield code="M">49HBZ_DUE</subfield>
  </datafield>
  <datafield tag="996" ind1=" " ind2=" ">
    <subfield code="a">Hand</subfield>
    <subfield code="9">LOCAL</subfield>
    <subfield code="M">49HBZ_DUE</subfield>
  </datafield>
  <datafield tag="996" ind1=" " ind2=" ">
    <subfield code="a">Schrift</subfield>
    <subfield code="9">LOCAL</subfield>
    <subfield code="M">49HBZ_DUE</subfield>
  </datafield>
  <datafield tag="996" ind1=" " ind2=" ">
    <subfield code="a">Wolfenbttel</subfield>
    <subfield code="9">LOCAL</subfield>
    <subfield code="M">49HBZ_DUE</subfield>
  </datafield>
  <datafield tag="996" ind1=" " ind2=" ">
    <subfield code="a">Dichtung</subfield>
    <subfield code="9">LOCAL</subfield>
    <subfield code="M">49HBZ_DUE</subfield>
  </datafield>
  <datafield tag="MNG" ind1=" " ind2=" ">
    <subfield code="c">System</subfield>
    <subfield code="f">ILS</subfield>
    <subfield code="i">marc21</subfield>
    <subfield code="k">01</subfield>
    <subfield code="e">false</subfield>
    <subfield code="d">2021-04-08 00:51:05 Europe/Berlin</subfield>
    <subfield code="g">006827975-HBZ01</subfield>
    <subfield code="j">60</subfield>
    <subfield code="a">import</subfield>
    <subfield code="b">2021-04-06 00:47:40 Europe/Berlin</subfield>
  </datafield>
  <datafield tag="H52" ind1="8" ind2=" ">
    <subfield code="b">UB_BI</subfield>
    <subfield code="c">152_Mono</subfield>
    <subfield code="h">PG330 F267(2)</subfield>
    <subfield code="8">22242786700006442</subfield>
  </datafield>
  <datafield tag="HOL" ind1=" " ind2=" ">
    <subfield code="b">2021-04-19 04:19:36</subfield>
    <subfield code="8">22242786700006442</subfield>
    <subfield code="M">49HBZ_BIE</subfield>
    <subfield code="g">false</subfield>
    <subfield code="a">import</subfield>
  </datafield>
  <datafield tag="ITM" ind1=" " ind2=" ">
    <subfield code="H">22242786700006442</subfield>
    <subfield code="x">152_Mono</subfield>
    <subfield code="f">BOOK</subfield>
    <subfield code="v">152_Mono</subfield>
    <subfield code="p">item_08</subfield>
    <subfield code="X">Cutover_Fix_OSID</subfield>
    <subfield code="U">2021-04-18 10:59:00</subfield>
    <subfield code="Y">2021-04-19 04:20:08</subfield>
    <subfield code="h">false</subfield>
    <subfield code="M">49HBZ_BIE</subfield>
    <subfield code="s">1</subfield>
    <subfield code="d">8</subfield>
    <subfield code="V">import</subfield>
    <subfield code="L">Abteilung/Standort/Haushaltsstufe: 15 | SISIS-Magazindrucker: 0 | HBZ01: HT006853428 | Keine Beilagen: 1</subfield>
    <subfield code="b">158/3125736+01</subfield>
    <subfield code="O">SISIS-Ausleihz&#228;hler vorletztes Migrationsjahr: 1 | SISIS-Vormerkz&#228;hler Migrationsjahr: 0 | SISIS-vorletztes R&#252;ckgabedatum: 2019-04-25 | SISIS-Buchdaten-Aufnahmedatum: 2002-01-30</subfield>
    <subfield code="N">Fernleihkonditionen: 0 | Sigel: 361 | Klassifikation: 152_Mono | Altersbegrenzung: 0 | SISIS-Ausleihz&#228;hler Migrationsjahr: 0 | SISIS-Ausleihz&#228;hler Vor-Migrationsjahr: 1</subfield>
    <subfield code="a">23242786690006442</subfield>
    <subfield code="c">PG330 F267(2)</subfield>
    <subfield code="W">2021-04-19 04:19:36</subfield>
    <subfield code="u">UB_BI</subfield>
    <subfield code="w">UB_BI</subfield>
  </datafield>
  <datafield tag="H52" ind1="8" ind2=" ">
    <subfield code="b">D0001</subfield>
    <subfield code="c">D01</subfield>
    <subfield code="h">CLCF1246(2)_d</subfield>
    <subfield code="8">22383633680006446</subfield>
  </datafield>
  <datafield tag="HOL" ind1=" " ind2=" ">
    <subfield code="b">2021-04-15 16:44:41</subfield>
    <subfield code="8">22383633680006446</subfield>
    <subfield code="M">49HBZ_UDE</subfield>
    <subfield code="g">false</subfield>
    <subfield code="a">import</subfield>
  </datafield>
  <datafield tag="ITM" ind1=" " ind2=" ">
    <subfield code="H">22383633680006446</subfield>
    <subfield code="x">D01</subfield>
    <subfield code="f">BOOK</subfield>
    <subfield code="v">D01</subfield>
    <subfield code="p">10</subfield>
    <subfield code="X">System</subfield>
    <subfield code="U">1997-04-15 10:59:00</subfield>
    <subfield code="Y">2021-04-15 16:45:42</subfield>
    <subfield code="h">false</subfield>
    <subfield code="n">CLCF1246(2)_d</subfield>
    <subfield code="M">49HBZ_UDE</subfield>
    <subfield code="s">1</subfield>
    <subfield code="d">8</subfield>
    <subfield code="V">import</subfield>
    <subfield code="b">CLCF1246(2)_D</subfield>
    <subfield code="a">23383633670006446</subfield>
    <subfield code="t">8</subfield>
    <subfield code="c">CLCF1246(2)_d</subfield>
    <subfield code="B">96-12811</subfield>
    <subfield code="D">20000218</subfield>
    <subfield code="W">2021-04-15 16:44:41</subfield>
    <subfield code="u">D0001</subfield>
    <subfield code="w">D0001</subfield>
  </datafield>
  <datafield tag="H52" ind1=" " ind2=" ">
    <subfield code="b">W0001</subfield>
    <subfield code="c">11</subfield>
    <subfield code="h"></subfield>
    <subfield code="8">22137100460006447</subfield>
  </datafield>
  <datafield tag="HOL" ind1=" " ind2=" ">
    <subfield code="b">2021-04-06 08:29:03</subfield>
    <subfield code="8">22137100460006447</subfield>
    <subfield code="M">49HBZ_WUP</subfield>
    <subfield code="g">false</subfield>
    <subfield code="a">import</subfield>
  </datafield>
  <datafield tag="ITM" ind1=" " ind2=" ">
    <subfield code="H">22137100460006447</subfield>
    <subfield code="x">11</subfield>
    <subfield code="f">BOOK</subfield>
    <subfield code="v">11</subfield>
    <subfield code="p">11</subfield>
    <subfield code="X">System</subfield>
    <subfield code="U">1996-01-24 10:59:00</subfield>
    <subfield code="Y">2021-04-06 08:29:58</subfield>
    <subfield code="h">false</subfield>
    <subfield code="n">CLCH1115(2)</subfield>
    <subfield code="M">49HBZ_WUP</subfield>
    <subfield code="s">1</subfield>
    <subfield code="d">#</subfield>
    <subfield code="V">import</subfield>
    <subfield code="b">000831065000010</subfield>
    <subfield code="a">23137100450006447</subfield>
    <subfield code="t">8</subfield>
    <subfield code="R">Maintenance count: 003</subfield>
    <subfield code="B">95/22060</subfield>
    <subfield code="D">20000217</subfield>
    <subfield code="W">2021-04-06 08:29:03</subfield>
    <subfield code="u">W0001</subfield>
    <subfield code="w">W0001</subfield>
  </datafield>
  <datafield tag="H52" ind1="8" ind2=" ">
    <subfield code="b">X0001</subfield>
    <subfield code="c">00</subfield>
    <subfield code="h">ger/c4498</subfield>
    <subfield code="8">22277719560006443</subfield>
  </datafield>
  <datafield tag="HOL" ind1=" " ind2=" ">
    <subfield code="b">2021-04-01 11:02:36</subfield>
    <subfield code="8">22277719560006443</subfield>
    <subfield code="M">49HBZ_DUE</subfield>
    <subfield code="g">false</subfield>
    <subfield code="a">import</subfield>
  </datafield>
  <datafield tag="ITM" ind1=" " ind2=" ">
    <subfield code="H">22277719560006443</subfield>
    <subfield code="x">00</subfield>
    <subfield code="f">BOOK</subfield>
    <subfield code="v">00</subfield>
    <subfield code="p">11</subfield>
    <subfield code="X">System</subfield>
    <subfield code="U">1996-01-25 10:59:00</subfield>
    <subfield code="Y">2021-04-01 11:03:25</subfield>
    <subfield code="h">false</subfield>
    <subfield code="M">49HBZ_DUE</subfield>
    <subfield code="s">1</subfield>
    <subfield code="d">8</subfield>
    <subfield code="V">import</subfield>
    <subfield code="b">093205901</subfield>
    <subfield code="a">23277719550006443</subfield>
    <subfield code="R">Maintenance count: 003</subfield>
    <subfield code="c">ger/c4498</subfield>
    <subfield code="W">2021-04-01 11:02:36</subfield>
    <subfield code="u">X0001</subfield>
    <subfield code="w">X0001</subfield>
  </datafield>
  <datafield tag="GPN" ind1="1" ind2=" ">
    <subfield code="a">Faust, Johannes</subfield>
    <subfield code="x">Literatur</subfield>
    <subfield code="A">GND</subfield>
    <subfield code="B">GND-041231902</subfield>
    <subfield code="C">400</subfield>
  </datafield>
  <datafield tag="GSI" ind1="7" ind2=" ">
    <subfield code="a">http://d-nb.info/gnd/4123190-9</subfield>
    <subfield code="2">uri</subfield>
    <subfield code="A">GND</subfield>
    <subfield code="B">GND-041231902</subfield>
    <subfield code="C">024</subfield>
  </datafield>
</record>